@misc{levenshtein,
	title="Вычисление редакционного расстояния [Электронный ресурс]",
	howpublished="Режим доступа: \url{https://habr.com/ru/articles/117063/} (дата обращения: 19.09.2023)"
}

@misc{python-lang,
	title="Python [Электронный ресурс]",
	howpublished="Режим доступа: \url{https://www.python.org} (дата обращения: 19.09.2023)"
}

@misc{python-lang-time,
	title="time — Time access and conversions [Электронный ресурс]",
	howpublished="Режим доступа: \url{https://docs.python.org/3/library/time.html#functions} (дата обращения: 19.09.2023)"
}


@misc{ubuntu,
	title="Ubuntu 22.04.3 LTS (Jammy Jellyfish) [Электронный ресурс]",
	howpublished="Режим доступа: \url{https://releases.ubuntu.com/22.04/} (дата обращения: 19.09.2023)"
}

@misc{linux,
	title="Linux [Электронный ресурс]",
	howpublished="Режим доступа: \url{https://www.linux.org/} (дата обращения: 19.09.2023)"
}
