@misc{matrix,
	title="Матрица [Электронный ресурс]",
	howpublished="Режим доступа: \url{https://terme.ru/termin/matrica.html} (дата обращения: 17.10.2023)"
}

@inbook{book_vinograd,
	author="Д. Л. Головашкин",
	title="Векторные алгоритмы вычислительной линейной алгебры:
	учеб. пособие.",
	publisher="--- Самара: Изд-во Самарского университета",
	language="russian",
	year=2019
}

@inbook{book_shtrassen,
	author="Т.Х. Кормен",
	title="Алгоритмы: построение и анализ.",
	publisher="М: Пер. с анг. Изд-во «Вильямс»",
	pages="893",
	language="russian",
	year=2009
}

@misc{vinograd-matrix,
	title="Умножение матриц [Электронный ресурс]",
	howpublished="Режим доступа: \url{http://algolib.narod.ru/Math/Matrix.html} (дата обращения: 17.10.2023)"
}


@misc{model,
		title="М. В. Ульянов Ресурсно-эффективные компьютерные алгоритмы. Разработка и анализ.",
		year=2007
}


@misc{python-lang,
	title="Welcome to Python [Электронный ресурс]",
	howpublished="Режим доступа: \url{https://www.python.org} (дата обращения: 17.10.2023)"
}

@misc{python-lang-time,
	title="time — Time access and conversions [Электронный ресурс]",
	howpublished="Режим доступа: \url{https://docs.python.org/3/library/time.html#functions} (дата обращения: 17.10.2023)"
}


@misc{ubuntu,
	title="Ubuntu 20.04.3 LTS (Focal Fossa) [Электронный ресурс]",
	howpublished="Режим доступа: \url{https://releases.ubuntu.com/20.04/} (дата обращения: 17.10.2023)"
}

@misc{linux,
	title="Linux [Электронный ресурс]",
	howpublished="Режим доступа: \url{https://www.linux.org/forums/#linux-tutorials.122} (дата обращения: 17.10.2023)"
}
