@misc{python-lang,
	title="Welcome to Python [Электронный ресурс]",
	howpublished="Режим доступа: \url{https://www.python.org} (дата обращения: 15.12.2023)"
}

@misc{graph,
	title="Математические основы параллельных вычислений [Электронный ресурс].",
	howpublished="--- Режим доступа: \url{https://intuit.ru/studies/courses/4447/983/lecture/14919} (дата обращения: 15.12.2023)."
}